@software{cerberus,
author = {Nicola Iarocci},
title = {Cerberus},
version = {1.0.1},
url = {https://python-cerberus.org}
}

@article{Davidson:2004fy,
author = {Davidson, David F and Hanson, Ronald K},
title = {Interpreting shock tube ignition data},
journal = {Int. J. Chem. Kinet.},
year = 2004,
volume = {36},
number = {9},
pages = {510--523},
doi = {10.1002/kin.20024},
}

@article{Hanson:2014ka,
author = {Hanson, Ronald K and Davidson, David F},
title = {Recent advances in laser absorption and shock tube methods for studies of combustion chemistry},
journal = {Prog. Energy Comb. Sci.},
year = 2014,
volume = {44},
pages = {103--114},
month = oct,
doi = {10.1016/j.pecs.2014.05.001},
}

@inproceedings{Niemeyer:2016wf,
author = {Niemeyer, Kyle E},
title = {{PyTeCK}: a {Python}-based automatic testing package for chemical kinetic models},
booktitle = {SciPy 2016},
year = 2016,
editor = {Benthall, Sebastian and Rostrup, Scott},
pages = {82--89},
month = jul,
}

@article{Olm:2015ch,
author = {Olm, Carsten and Zs{\'e}ly, Istv{\'a}n Gyula and Varga, Tam{\'a}s and Curran, Henry J and Tur{\'a}nyi, Tam{\'a}s},
title = {Comparison of the performance of several recent syngas combustion mechanisms},
journal = {Combust. Flame},
year = 2015,
volume = {162},
number = {5},
pages = {1793--1812},
month = may,
doi = {10.1016/j.combustflame.2014.12.001},
}

@article{Olm:2014gn,
author = {Olm, Carsten and Zs{\'e}ly, Istv{\'a}n Gyula and P{\'a}lv{\"o}lgyi, R{\'o}bert and Varga, Tam{\'a}s and Nagy, Tibor and Curran, Henry J and Tur{\'a}nyi, Tam{\'a}s},
title = {Comparison of the performance of several recent hydrogen combustion mechanisms},
journal = {Combust. Flame},
year = 2014,
volume = {161},
number = {9},
pages = {2219--2234},
month = sep,
doi = {10.1016/j.combustflame.2014.03.006},
}

@article{Weber:2015ey,
author = {Weber, Bryan W and Sung, Chih Jen and Renfro, Michael W},
title = {On the uncertainty of temperature estimation in a rapid compression machine},
journal = {Combust. Flame},
year = 2015,
volume = {162},
number = {6},
pages = {2518--2528},
month = jun,
doi = {10.1016/j.combustflame.2015.03.001},
}

@INPROCEEDINGS{Goteng:2013cf,
    author={G. L. Goteng and N. Nettyam and S. M. Sarathy},
    booktitle={2013 International Conference on Information Science and Cloud Computing Companion},
    title={{CloudFlame}: Cyberinfrastructure for Combustion Research},
    year=2013,
    pages={294--299},
    doi={10.1109/ISCC-C.2013.57},
    month=dec
}

@article{Frenklach:2007bm,
    author = {Frenklach, Michael},
    title = {Transforming data into knowledge---process informatics for combustion chemistry},
    journal = {Proc. Combust. Inst.},
    year = 2007,
    volume = {31},
    pages = {125--140},
    month = jan,
    doi = {10.1016/j.proci.2006.08.121},
}

@article{You:2011hy,
    author = {You, Xiaoqing and Packard, Andrew and Frenklach, Michael},
    title = {Process informatics tools for predictive modeling: Hydrogen combustion},
    journal = {Int. J. Chem. Kinet.},
    year = 2011,
    volume = {44},
    number = {2},
    pages = {101--116},
    month = dec,
    doi = {10.1002/kin.20627},
}
